@book{metcalf2014, title={Wastewater Engineering Treatment and Resource Recovery}, publisher={McGraw-Hill}, author={Tchobanoglous, George and Stensel, H. David and Tsuchihashi, Ryujiro and Burton, Franklin}, year={2014}}
@book{sanin2011, place={Lancaster, Pa}, title={Sludge engineering: The treatment and disposal of wastewater sludges}, publisher={DEStech Publications, Inc}, author={Sanin, F. Dilek and Clarkson, William W. and Vesilind, P.Aarne}, year={2011}} 
@book{vesilind1988, place={Chelsea, MI}, title={Sludge management \& disposal for the practicing engineer}, publisher={Lewis}, author={Vesilind, P. Aarne and Hartman, Gerald C. and Skene, Elizabeth T.}, year={1988}} 

@article{buswell1933,
  doi = {10.1021/ja01332a039},
  url = {https://doi.org/10.1021/ja01332a039},
  year = {1933},
  month = may,
  publisher = {American Chemical Society ({ACS})},
  volume = {55},
  number = {5},
  pages = {2028--2036},
  author = {G. E. Symons and A. M. Buswell},
  title = {The Methane Fermentation of Carbohydrates$^{1,2}$},
  journal = {Journal of the American Chemical Society}
}

@article{Angelidaki2004,
  doi = {10.1007/s11157-004-2502-3},
  url = {https://doi.org/10.1007/s11157-004-2502-3},
  year = {2004},
  month = jun,
  publisher = {Springer Science and Business Media {LLC}},
  volume = {3},
  number = {2},
  pages = {117--129},
  author = {Irini Angelidaki and Wendy Sanders},
  title = {Assessment of the anaerobic biodegradability of macropollutants},
  journal = {Reviews in Environmental Science and Bio/Technology}
}

@article{sialve2009,
  doi = {10.1016/j.biotechadv.2009.03.001},
  url = {https://doi.org/10.1016/j.biotechadv.2009.03.001},
  year = {2009},
  month = jul,
  publisher = {Elsevier {BV}},
  volume = {27},
  number = {4},
  pages = {409--416},
  author = {Bruno Sialve and Nicolas Bernet and Olivier Bernard},
  title = {Anaerobic digestion of microalgae as a necessary step to make microalgal biodiesel sustainable},
  journal = {Biotechnology Advances}
}

@article{Edwards1994,
  doi = {10.1128/aem.60.1.313-322.1994},
  url = {https://doi.org/10.1128/aem.60.1.313-322.1994},
  year = {1994},
  month = jan,
  publisher = {American Society for Microbiology},
  volume = {60},
  number = {1},
  pages = {313--322},
  author = {E A Edwards and D Grbi{\'{c}}-Gali{\'{c}}},
  title = {Anaerobic degradation of toluene and o-xylene by a methanogenic consortium},
  journal = {Applied and Environmental Microbiology}
}

@article{Vilakazi2023,
  doi = {10.1016/j.sajce.2022.10.012},
  url = {https://doi.org/10.1016/j.sajce.2022.10.012},
  year = {2023},
  month = jan,
  publisher = {Elsevier {BV}},
  volume = {43},
  pages = {122--127},
  author = {Sinqobile Vilakazi and Ednah Onyari and Onyeka Nkwonta and Joseph K. Bwapwa},
  title = {Reuse of domestic sewage sludge to achieve a zero waste strategy \& improve concrete strength \& durability - A review},
  journal = {South African Journal of Chemical Engineering}
}

@article{Tarpani2023,
  doi = {10.1016/j.scitotenv.2023.161771},
  url = {https://doi.org/10.1016/j.scitotenv.2023.161771},
  year = {2023},
  month = apr,
  publisher = {Elsevier {BV}},
  volume = {869},
  pages = {161771},
  author = {Raphael Ricardo Zepon Tarpani and Adisa Azapagic},
  title = {Life cycle sustainability assessment of advanced treatment techniques for urban wastewater reuse and sewage sludge resource recovery},
  journal = {Science of The Total Environment}
}