 @book{sanin_clarkson_vesilind_2011, place={Lancaster, Pa}, title={Sludge engineering: The treatment and disposal of wastewater sludges}, publisher={DEStech Publications, Inc}, author={Sanin, F. Dilek and Clarkson, William W. and Vesilind, P.Aarne}, year={2011}} 
 @book{tchobanoglous_stensel_tsuchihashi_burton_2014, title={Wastewater engineering: Treatment and resource recovery}, publisher={McGraw-Hill}, author={Tchobanoglous, George and Stensel, H. David and Tsuchihashi, Ryujiro and Burton, Franklin}, year={2014}} 
 @book{vesilind_hartman_skene_1988, place={Chelsea, MI}, title={Sludge management \& disposal for the practicing engineer}, publisher={Lewis}, author={Vesilind, P. Aarne and Hartman, Gerald C. and Skene, Elizabeth T.}, year={1988}} 