 @book{sanin2011, place={Lancaster, Pa}, title={Sludge engineering: The treatment and disposal of wastewater sludges}, publisher={DEStech Publications, Inc}, author={Sanin, F. Dilek and Clarkson, William W. and Vesilind, P.Aarne}, year={2011}} 
 @book{metcalf2014, title={Wastewater engineering: Treatment and resource recovery}, publisher={McGraw-Hill}, author={Tchobanoglous, George and Stensel, H. David and Tsuchihashi, Ryujiro and Burton, Franklin}, year={2014}} 
 @book{vesilind1988, place={Chelsea, MI}, title={Sludge management \& disposal for the practicing engineer}, publisher={Lewis}, author={Vesilind, P. Aarne and Hartman, Gerald C. and Skene, Elizabeth T.}, year={1988}}

 @article{Yoshioka1957,
  doi = {10.1252/kakoronbunshu1953.21.66},
  url = {https://doi.org/10.1252/kakoronbunshu1953.21.66},
  year = {1957},
  publisher = {Society of Chemical Engineers,  Japan},
  volume = {21},
  number = {2},
  pages = {66--74},
  author = {Naoya Yoshioka and Yutaka Hotta and Susumu Tanaka and Satoru Naito and Shinichi Tsugami},
  title = {Continuous Thickening of Homogeneous Flocculated Slurries},
  journal = {Chemical Engineering}
}
@article{Nobaharan2021,
  doi = {10.3390/w13040517},
  url = {https://doi.org/10.3390/w13040517},
  year = {2021},
  month = feb,
  publisher = {{MDPI} {AG}},
  volume = {13},
  number = {4},
  pages = {517},
  author = {Khatereh Nobaharan and Sepideh Bagheri Novair and Behnam Asgari Lajayer and Eric van Hullebusch},
  title = {Phosphorus Removal from Wastewater: The Potential Use of Biochar and the Key Controlling Factors},
  journal = {Water}
}